%este es el formato común de citar artículos. El formato Bibtex facilita el trabajo.

@ARTICLE{Brunete:2013,
  author = {A. and M. and E. Gambao},
  title = {Offline GA-based optimisation for heterogeneous modular multi-configurable
	chained micro-robots},
  journal = {Transactions on Mechatronics},
  year = {2013},
  volume = {18},
  pages = {578 - 585},
  number = {2},
  doi = {10.1109/TMECH.2012.2220560},
  owner = {alberto}
}
@ARTICLE{Kevin:2016,
  author = {K. Martinez Escobar},
  title = {Domotic develop with nodejs},
  journal = {Domotics and Node integration},
  year = {2016},
  volume = {1},
  pages = {578 - 585},
  number = {1},
  doi = {10.1109/TMECH.2012.2220560},
  owner = {kevin}
}

@article{salinas1999tecnologias,
  title={Tecnolog{\'\i}as de la Informaci{\'o}n y la Comunicaci{\'o}n en la Ense{\~n}anza universitaria: el caso de la UIB},
  author={Salinas, Jes{\'u}s and de Benito, Barbara and P{\'e}rez, Adolfina},
  journal={Comunicaci{\'o}n. I Simposium Iberoamericano de Did{\'a}ctica universitaria: La Calidad de la docencia universitaria. Universidad de Santiago de Compostela},
  pages={2--4},
  year={1999}
}